<record><leader>00000cas a2200000 a 4500</leader><controlfield tag="001">12646322</controlfield><controlfield tag="008">851008d18881891ksuwr ne      0    0eng d</controlfield><datafield ind1=" " ind2=" " tag="010"><subfield code="a">sn 85032709 </subfield></datafield><datafield ind1=" " ind2=" " tag="040"><subfield code="a">KSH</subfield><subfield code="b">eng</subfield><subfield code="c">KSH</subfield><subfield code="d">NPT</subfield><subfield code="d">OCL</subfield><subfield code="d">OCLCQ</subfield></datafield><datafield ind1=" " ind2=" " tag="042"><subfield code="a">msc</subfield></datafield><datafield ind1="0" ind2="0" tag="245"><subfield code="a">State line register.</subfield></datafield><datafield ind1=" " ind2=" " tag="260"><subfield code="a">Kanorado, Kan. :</subfield><subfield code="b">J.F. Longanecker,</subfield><subfield code="c">1888-1891.</subfield></datafield><datafield ind1=" " ind2=" " tag="300"><subfield code="a">3 v. :</subfield><subfield code="b">ill. (chiefly advertisements) ;</subfield><subfield code="c">54-59 cm.</subfield></datafield><datafield ind1=" " ind2=" " tag="310"><subfield code="a">Weekly</subfield></datafield><datafield ind1="0" ind2=" " tag="362"><subfield code="a">Vol. 1, no. 1 (Oct. 11, 1888)-v. 3, no. 16 (Jan. 15, 1891).</subfield></datafield><datafield ind1=" " ind2=" " tag="500"><subfield code="a">Published in Lamborn, Kan., Feb. 14, 1889-Jan. 15, 1891.</subfield></datafield><datafield ind1=" " ind2=" " tag="752"><subfield code="a">United States</subfield><subfield code="b">Kansas</subfield><subfield code="c">Sherman</subfield><subfield code="d">Kanorado.</subfield></datafield><datafield ind1=" " ind2=" " tag="752"><subfield code="a">United States</subfield><subfield code="b">Kansas</subfield><subfield code="c">Sherman</subfield><subfield code="d">Lamborn.</subfield></datafield><datafield ind1="0" ind2="0" tag="785"><subfield code="t">Sherman County farmer</subfield><subfield code="w">(DLC)sn 85030834</subfield></datafield><datafield ind1="1" ind2=" " tag="029"><subfield code="a">AU@</subfield><subfield code="b">000022166820</subfield></datafield></record>